@book{Doets,
      author        = "Doets, Kees and Eijck, Van Jan",
      title         = "{The Haskell road to logic, maths and programming}",
      publisher     = "King's Coll. Pub.",
      address       = "London",
      series        = "Texts in Computing",
      year          = "2004"
}

@inproceedings{Klein09,
 author = {Klein, Gerwin and Elphinstone, Kevin and Heiser, Gernot and Andronick, June and Cock, David and Derrin, Philip and Elkaduwe, Dhammika and Engelhardt, Kai and Kolanski, Rafal and Norrish, Michael and Sewell, Thomas and Tuch, Harvey and Winwood, Simon},
 title = {seL4: Formal Verification of an OS Kernel},
 booktitle = {Proceedings of the ACM SIGOPS 22Nd Symposium on Operating Systems Principles},
 series = {SOSP '09},
 year = {2009},
 isbn = {978-1-60558-752-3},
 location = {Big Sky, Montana, USA},
 pages = {207--220},
 numpages = {14},
 url = {http://doi.acm.org/10.1145/1629575.1629596},
 doi = {10.1145/1629575.1629596},
 acmid = {1629596},
 publisher = {ACM},
 address = {New York, NY, USA},
 keywords = {isabelle/hol, l4, microkernel, sel4},
} 

@MISC{Marlow_2010,
    author = {Simon Marlow},
    title = {Haskell 2010 Language Report},
    year = {2010}
}

@book{hutton,
  title={Programming in Haskell},
  author={Hutton, Graham},
  year={2007},
  publisher={Cambridge University Press}
}

@MISC{gonzales13,
  title = {Pipes Tutorial},
author = {Gabriel Gonzales},
  howpublished = {\url{http://hackage.haskell.org/package/pipes-4.1.5/docs/Pipes-Tutorial.html}},
  note = {Accessed: 2015-04-23}
}

@MISC{gonzales14,
  title = {Equational reasoning at scale},
author = {Gabriel Gonzales},
  howpublished = {\url{http://www.haskellforall.com/2014/07/equational-reasoning-at-scale.html}},
  note = {Accessed: 2015-04-25}
}

@MISC{monoid,
  title = {Data.Monoid},
author = {Andi Gill},
  howpublished = {\url{https://hackage.haskell.org/package/base-4.7.0.1/docs/Data-Monoid.html}},
  note = {Accessed: 2015-04-26}
}

@MISC{control.applicative,
  title = {Data.Monoid},
author = {Niklas RÃ¶jemo},
  howpublished = {\url{https://hackage.haskell.org/package/base-4.7.0.1/docs/Control-Applicative.html}},
  note = {Accessed: 2015-04-26}
}
                  
@article{Cardelli,
 author = {Cardelli, Luca and Wegner, Peter},
 title = {On Understanding Types, Data Abstraction, and Polymorphism},
 journal = {ACM Comput. Surv.},
 issue_date = {Dec. 1985},
 volume = {17},
 number = {4},
 month = dec,
 year = {1985},
 issn = {0360-0300},
 pages = {471--523},
 numpages = {53},
 url = {http://doi.acm.org/10.1145/6041.6042},
 doi = {10.1145/6041.6042},
 acmid = {6042},
 publisher = {ACM},
 address = {New York, NY, USA},
} 

@book{Thompson,
 author = {Thompson, Simon},
 title = {Haskell: The Craft of Functional Programming},
 year = {1997},
 isbn = {0-201-40357-9},
 publisher = {Addison-Wesley Longman Publishing Co., Inc.},
 address = {Boston, MA, USA},
} 


@article{yorgey,
    author = {Yorgey, Brent},
    journal = {The Monad. Reader Issue 13},
    keywords = {haskell},
    pages = {17},
    posted-at = {2011-10-07 07:51:42},
    title = {The Typeclassopedia},
    year = {2009}
}


BibTeX | EndNote | ACM Ref

@article{mcbride,
 author = {Mcbride, Conor and Paterson, Ross},
 title = {Applicative Programming with Effects},
 journal = {J. Funct. Program.},
 issue_date = {January 2008},
 volume = {18},
 number = {1},
 month = jan,
 year = {2008},
 issn = {0956-7968},
 pages = {1--13},
 numpages = {13},
 url = {http://dx.doi.org/10.1017/S0956796807006326},
 doi = {10.1017/S0956796807006326},
 acmid = {1348941},
 publisher = {Cambridge University Press},
 address = {New York, NY, USA},
} 


BibTeX | EndNote | ACM Ref

@inproceedings{Wadler,
 author = {Wadler, P. and Blott, S.},
 title = {How to Make Ad-hoc Polymorphism Less Ad Hoc},
 booktitle = {Proceedings of the 16th ACM SIGPLAN-SIGACT Symposium on Principles of Programming Languages},
 series = {POPL '89},
 year = {1989},
 isbn = {0-89791-294-2},
 location = {Austin, Texas, USA},
 pages = {60--76},
 numpages = {17},
 url = {http://doi.acm.org/10.1145/75277.75283},
 doi = {10.1145/75277.75283},
 acmid = {75283},
 publisher = {ACM},
 address = {New York, NY, USA},
} 
